@Misc{Flickr,
author = {Yahoo! Inc.},
title = {},
note = "\url{http://www.flickr.com/}",
}

@Misc{twitter,
author = {Twitter Inc.},
title = {},
note = "\url{https://twitter.com/}",
}

@Misc{Facebook,
author = {Facebook.},
title = {},
note = "\url{http://www.facebook.com/}",
}

@Misc{Akamai,
author = {Akamai Technologies},
title = {},
note = "\url{http://www.akamai.co.jp/}",
}

@Misc{iphone,
author = {Apple Inc.},
title = {},
note = "\url{http://www.apple.com/}",
}

@Misc{galaxy,
author = {SAMSUNG ELECTRONICS CO. LTD},
title = {},
note = "\url{http://www.samsung.com/}",
}

@Misc{cosm,
author = {Cosm Ltd},
title = {},
note = "\url{https://cosm.com/}",
}

@Misc{mm,
author = {株式会社 MM総研},
title = {},
note = "\url{http://www.m2ri.jp/}",
}

@inproceedings{Kay:2012:LCA:2370216.2370253,
 author = {Kay, Matthew and Choe, Eun Kyoung and Shepherd, Jesse and Greenstein, Benjamin and Watson, Nathaniel and Consolvo, Sunny and Kientz, Julie A.},
 title = {Lullaby: a capture \&\#38; access system for understanding the sleep environment},
 booktitle = {Proceedings of the 2012 ACM Conference on Ubiquitous Computing},
 series = {UbiComp '12},
 year = {2012},
 isbn = {978-1-4503-1224-0},
 location = {Pittsburgh, Pennsylvania},
 pages = {226--234},
 numpages = {9},
 url = {http://doi.acm.org/10.1145/2370216.2370253},
 doi = {10.1145/2370216.2370253},
 acmid = {2370253},
 publisher = {ACM},
 address = {New York, NY, USA},
 keywords = {capture and access, health, health informatics, lifelogging, personal informatics, sleep, ubiquitous computing},
} 

@inproceedings{Kay:2012:LCA:2370216.2370253,
 author = {Kay, Matthew and Choe, Eun Kyoung and Shepherd, Jesse and Greenstein, Benjamin and Watson, Nathaniel and Consolvo, Sunny and Kientz, Julie A.},
 title = {Lullaby: a capture \&\#38; access system for understanding the sleep environment},
 booktitle = {Proceedings of the 2012 ACM Conference on Ubiquitous Computing},
 series = {UbiComp '12},
 year = {2012},
 isbn = {978-1-4503-1224-0},
 location = {Pittsburgh, Pennsylvania},
 pages = {226--234},
 numpages = {9},
 url = {http://doi.acm.org/10.1145/2370216.2370253},
 doi = {10.1145/2370216.2370253},
 acmid = {2370253},
 publisher = {ACM},
 address = {New York, NY, USA},
 keywords = {capture and access, health, health informatics, lifelogging, personal informatics, sleep, ubiquitous computing},
} 

@inproceedings{Chan:2003:SPS:1435679.1436999,
 author = {Chan, Haowen and Perrig, Adrian},
 title = {Security and Privacy in Sensor Networks},
 journal = {Computer},
 issue_date = {October 2003},
 volume = {36},
 number = {10},
 month = oct,
 year = {2003},
 issn = {0018-9162},
 pages = {103--105},
 numpages = {3},
 url = {http://dx.doi.org/10.1109/MC.2003.1236475},
 doi = {10.1109/MC.2003.1236475},
 acmid = {1436999},
 publisher = {IEEE Computer Society Press},
 address = {Los Alamitos, CA, USA},
} 

@inproceedings{Andong,
 author = {Andong Zhan, Marcus Chang, Yin Chen, Andreas Terzis},
 title = {Accurate Caloric Expenditure of Bicyclists using Cellphones},
 booklist = {Proceedings of the 10th ACM Conference on Embedded Networked Sensor Systems},
 issue_date = {Nobember 2012},
 volume = {},
 number = {},
 month = nov,
 year = {2012},
 issn = {},
 pages = {},
 numpages = {3},
 url = {http://www.cs.jhu.edu/~andong/papers/sensys_108.pdf},
 doi = {},
 acmid = {},
 publisher = {},
 address = {},
} 

@INPROCEEDINGS{He07pda:privacypreserving,
    author = {Wenbo He and Xue Liu and Hoang Nguyen and Klara Nahrstedt and Tarek Abdelzaher},
    title = {PDA: privacypreserving data aggregation in wireless sensor networks},
    booktitle = {in: Proceedings of the IEEE Infocom2007},
    year = {2007},
    pages = {2045--2053}
}

@inproceedings{Castelluccia:2005:EAE:1097872.1098228,
 author = {Castelluccia, Claude and Mykletun, Einar and Tsudik, Gene},
 title = {E.cient Aggregation of encrypted data in Wireless Sensor Networks},
 booktitle = {Proceedings of the The Second Annual International Conference on Mobile and Ubiquitous Systems: Networking and Services},
 series = {MOBIQUITOUS '05},
 year = {2005},
 isbn = {0-7695-2375-7},
 pages = {109--117},
 numpages = {9},
 url = {http://dx.doi.org/10.1109/MOBIQUITOUS.2005.25},
 doi = {10.1109/MOBIQUITOUS.2005.25},
 acmid = {1098228},
 publisher = {IEEE Computer Society},
 address = {Washington, DC, USA},
} 

@inproceedings{Beresford:2003:LPP:642730.642740,
 author = {Beresford, Alastair R. and Stajano, Frank},
 title = {Location Privacy in Pervasive Computing},
 journal = {IEEE Pervasive Computing},
 issue_date = {January 2003},
 volume = {2},
 number = {1},
 month = jan,
 year = {2003},
 issn = {1536-1268},
 pages = {46--55},
 numpages = {10},
 url = {http://dx.doi.org/10.1109/MPRV.2003.1186725},
 doi = {10.1109/MPRV.2003.1186725},
 acmid = {642740},
 publisher = {IEEE Educational Activities Department},
 address = {Piscataway, NJ, USA},
 keywords = {privacy, anonymity, pseudonymity, location, location-aware, Active Bat, mix network, mix zone},
} 

@inproceedings{Lawder:2000:USC:646102.681186,
 author = {Lawder, Jonathan K. and King, Peter J. H.},
 title = {Using Space-Filling Curves for Multi-dimensional Indexing},
 booktitle = {Proceedings of the 17th British National Conferenc on Databases: Advances in Databases},
 series = {BNCOD 17},
 year = {2000},
 isbn = {3-540-67743-7},
 pages = {20--35},
 numpages = {16},
 url = {http://dl.acm.org/citation.cfm?id=646102.681186},
 acmid = {681186},
 publisher = {Springer-Verlag},
 address = {London, UK, UK},
} 

@inproceedings{Kantere:2009:SIS:1495799.1496017,
 author = {Kantere, Verena and Skiadopoulos, Spiros and Sellis, Timos},
 title = {Storing and Indexing Spatial Data in P2P Systems},
 journal = {IEEE Trans. on Knowl. and Data Eng.},
 issue_date = {February 2009},
 volume = {21},
 number = {2},
 month = feb,
 year = {2009},
 issn = {1041-4347},
 pages = {287--300},
 numpages = {14},
 url = {http://dx.doi.org/10.1109/TKDE.2008.139},
 doi = {10.1109/TKDE.2008.139},
 acmid = {1496017},
 publisher = {IEEE Educational Activities Department},
 address = {Piscataway, NJ, USA},
 keywords = {Data sharing, Distributed data structures, Distributed databases, Hash-table representations, Peer-to-peer, Peer-to-peer, structured overlays, distributed hash tables, spatial data., Spatial databases, Spatial databases and GIS, distributed hash tables, spatial data., structured overlays},
} 
@inproceedings{Scellato:2011:TGD:1963405.1963471,
 author = {Scellato, Salvatore and Mascolo, Cecilia and Musolesi, Mirco and Crowcroft, Jon},
 title = {Track globally, deliver locally: improving content delivery networks by tracking geographic social cascades},
 booktitle = {Proceedings of the 20th international conference on World wide web},
 series = {WWW '11},
 year = {2011},
 isbn = {978-1-4503-0632-4},
 location = {Hyderabad, India},
 pages = {457--466},
 numpages = {10},
 url = {http://doi.acm.org/10.1145/1963405.1963471},
 doi = {10.1145/1963405.1963471},
 acmid = {1963471},
 publisher = {ACM},
 address = {New York, NY, USA},
 keywords = {content delivery networks, information propagation, online social networks},
} 

@inproceedings{Tang:2012:MAA:2310257.2310450,
 author = {Tang, Lu-An and Yu, Xiao and Kim, Sangkyum and Han, Jiawei and Peng, Wen-Chih and Sun, Yizhou and Gonzalez, Hector and Seith, Sebastian},
 title = {Multidimensional Analysis of Atypical Events in Cyber-Physical Data},
 booktitle = {Proceedings of the 2012 IEEE 28th International Conference on Data Engineering},
 series = {ICDE '12},
 year = {2012},
 isbn = {978-0-7695-4747-3},
 pages = {1025--1036},
 numpages = {12},
 url = {http://dx.doi.org/10.1109/ICDE.2012.32},
 doi = {10.1109/ICDE.2012.32},
 acmid = {2310450},
 publisher = {IEEE Computer Society},
 address = {Washington, DC, USA},
} 

@inproceedings{Labovitz:2010:IIT:1851182.1851194,
 author = {Labovitz, Craig and Iekel-Johnson, Scott and McPherson, Danny and Oberheide, Jon and Jahanian, Farnam},
 title = {Internet inter-domain traffic},
 booktitle = {Proceedings of the ACM SIGCOMM 2010 conference},
 series = {SIGCOMM '10},
 year = {2010},
 isbn = {978-1-4503-0201-2},
 location = {New Delhi, India},
 pages = {75--86},
 numpages = {12},
 url = {http://doi.acm.org/10.1145/1851182.1851194},
 doi = {10.1145/1851182.1851194},
 acmid = {1851194},
 publisher = {ACM},
 address = {New York, NY, USA},
 keywords = {architecture, inter-domain traffic, internet, peering policies},
} 

@inproceedings{Maier:2009:DCR:1644893.1644904,
 author = {Maier, Gregor and Feldmann, Anja and Paxson, Vern and Allman, Mark},
 title = {On dominant characteristics of residential broadband internet traffic},
 booktitle = {Proceedings of the 9th ACM SIGCOMM conference on Internet measurement conference},
 series = {IMC '09},
 year = {2009},
 isbn = {978-1-60558-771-4},
 location = {Chicago, Illinois, USA},
 pages = {90--102},
 numpages = {13},
 url = {http://doi.acm.org/10.1145/1644893.1644904},
 doi = {10.1145/1644893.1644904},
 acmid = {1644904},
 publisher = {ACM},
 address = {New York, NY, USA},
 keywords = {application mix, dsl, http usage, network measurement, residential broadband traffic, tcp performance},
} 

@inproceedings{Otto:2011:BME:2018436.2018450,
 author = {Otto, John S. and S\'{a}nchez, Mario A. and Choffnes, David R. and Bustamante, Fabi\'{a}n E. and Siganos, Georgos},
 title = {On blind mice and the elephant: understanding the network impact of a large distributed system},
 booktitle = {Proceedings of the ACM SIGCOMM 2011 conference},
 series = {SIGCOMM '11},
 year = {2011},
 isbn = {978-1-4503-0797-0},
 location = {Toronto, Ontario, Canada},
 pages = {110--121},
 numpages = {12},
 url = {http://doi.acm.org/10.1145/2018436.2018450},
 doi = {10.1145/2018436.2018450},
 acmid = {2018450},
 publisher = {ACM},
 address = {New York, NY, USA},
 keywords = {evaluation, internet-scale systems, peer-to-peer},
} 

@inproceedings{Cha:2009:MAI:1526709.1526806,
 author = {Cha, Meeyoung and Mislove, Alan and Gummadi, Krishna P.},
 title = {A measurement-driven analysis of information propagation in the flickr social network},
 booktitle = {Proceedings of the 18th international conference on World wide web},
 series = {WWW '09},
 year = {2009},
 isbn = {978-1-60558-487-4},
 location = {Madrid, Spain},
 pages = {721--730},
 numpages = {10},
 url = {http://doi.acm.org/10.1145/1526709.1526806},
 doi = {10.1145/1526709.1526806},
 acmid = {1526806},
 publisher = {ACM},
 address = {New York, NY, USA},
 keywords = {cascades, flickr, information dissemination, social networks, viral marketing},
} 


@inproceedings{Zhang:2011:PMI:2039458.2039840,
 author = {Zhang, Chong and Xiao, Weidong and Tang, Daquan and Tang, Jiuyang},
 title = {P2P-based multidimensional indexing methods: A survey},
 journal = {J. Syst. Softw.},
 issue_date = {December, 2011},
 volume = {84},
 number = {12},
 month = dec,
 year = {2011},
 issn = {0164-1212},
 pages = {2348--2362},
 numpages = {15},
 url = {http://dx.doi.org/10.1016/j.jss.2011.07.027},
 doi = {10.1016/j.jss.2011.07.027},
 acmid = {2039840},
 publisher = {Elsevier Science Inc.},
 address = {New York, NY, USA},
 keywords = {Multidimensional index, Peer-to-peer computing, Survey},
} 

@inproceedings{Gaede:1998:MAM:280277.280279,
 author = {Gaede, Volker and G\"{u}nther, Oliver},
 title = {Multidimensional access methods},
 journal = {ACM Comput. Surv.},
 issue_date = {June 1998},
 volume = {30},
 number = {2},
 month = jun,
 year = {1998},
 issn = {0360-0300},
 pages = {170--231},
 numpages = {62},
 url = {http://doi.acm.org/10.1145/280277.280279},
 doi = {10.1145/280277.280279},
 acmid = {280279},
 publisher = {ACM},
 address = {New York, NY, USA},
 keywords = {data structures, multidimensional access methods},
} 
@inproceedings{Ratnasamy:2002:GGH:570738.570750,
 author = {Ratnasamy, Sylvia and Karp, Brad and Yin, Li and Yu, Fang and Estrin, Deborah and Govindan, Ramesh and Shenker, Scott},
 title = {GHT: a geographic hash table for data-centric storage},
 booktitle = {Proceedings of the 1st ACM international workshop on Wireless sensor networks and applications},
 series = {WSNA '02},
 year = {2002},
 isbn = {1-58113-589-0},
 location = {Atlanta, Georgia, USA},
 pages = {78--87},
 numpages = {10},
 url = {http://doi.acm.org/10.1145/570738.570750},
 doi = {10.1145/570738.570750},
 acmid = {570750},
 publisher = {ACM},
 address = {New York, NY, USA},
} 
@inproceedings{Kamel:1994:HRI:645920.673001,
 author = {Kamel, Ibrahim and Faloutsos, Christos},
 title = {Hilbert R-tree: An Improved R-tree using Fractals},
 booktitle = {Proceedings of the 20th International Conference on Very Large Data Bases},
 series = {VLDB '94},
 year = {1994},
 isbn = {1-55860-153-8},
 pages = {500--509},
 numpages = {10},
 url = {http://dl.acm.org/citation.cfm?id=645920.673001},
 acmid = {673001},
 publisher = {Morgan Kaufmann Publishers Inc.},
 address = {San Francisco, CA, USA},
} 

@inproceedings{Weber:1998:QAP:645924.671192,
 author = {Weber, Roger and Schek, Hans-J\"{o}rg and Blott, Stephen},
 title = {A Quantitative Analysis and Performance Study for Similarity-Search Methods in High-Dimensional Spaces},
 booktitle = {Proceedings of the 24rd International Conference on Very Large Data Bases},
 series = {VLDB '98},
 year = {1998},
 isbn = {1-55860-566-5},
 pages = {194--205},
 numpages = {12},
 url = {http://dl.acm.org/citation.cfm?id=645924.671192},
 acmid = {671192},
 publisher = {Morgan Kaufmann Publishers Inc.},
 address = {San Francisco, CA, USA},
} 
@inproceedings{Stoica:2001:CSP:383059.383071,
 author = {Stoica, Ion and Morris, Robert and Karger, David and Kaashoek, M. Frans and Balakrishnan, Hari},
 title = {Chord: A scalable peer-to-peer lookup service for internet applications},
 booktitle = {Proceedings of the 2001 conference on Applications, technologies, architectures, and protocols for computer communications},
 series = {SIGCOMM '01},
 year = {2001},
 isbn = {1-58113-411-8},
 location = {San Diego, California, United States},
 pages = {149--160},
 numpages = {12},
 url = {http://doi.acm.org/10.1145/383059.383071},
 doi = {10.1145/383059.383071},
 acmid = {383071},
 publisher = {ACM},
 address = {New York, NY, USA},
} 
@inproceedings{Ratnasamy:2001:SCN:383059.383072,
 author = {Ratnasamy, Sylvia and Francis, Paul and Handley, Mark and Karp, Richard and Shenker, Scott},
 title = {A scalable content-addressable network},
 booktitle = {Proceedings of the 2001 conference on Applications, technologies, architectures, and protocols for computer communications},
 series = {SIGCOMM '01},
 year = {2001},
 isbn = {1-58113-411-8},
 location = {San Diego, California, United States},
 pages = {161--172},
 numpages = {12},
 url = {http://doi.acm.org/10.1145/383059.383072},
 doi = {10.1145/383059.383072},
 acmid = {383072},
 publisher = {ACM},
 address = {New York, NY, USA},
} 
@inproceedings{Aspnes:2003:SG:644108.644170,
 author = {Aspnes, James and Shah, Gauri},
 title = {Skip graphs},
 booktitle = {Proceedings of the fourteenth annual ACM-SIAM symposium on Discrete algorithms},
 series = {SODA '03},
 year = {2003},
 isbn = {0-89871-538-5},
 location = {Baltimore, Maryland},
 pages = {384--393},
 numpages = {10},
 url = {http://dl.acm.org/citation.cfm?id=644108.644170},
 acmid = {644170},
 publisher = {Society for Industrial and Applied Mathematics},
 address = {Philadelphia, PA, USA},
} 

@inproceedings{Terayama:2012:DSD:2370216.2370335,
 author = {Terayama, Junki and Nakazawa, Jin and Tokuda, Hideyuki},
 title = {DHT-based sensor data management for geographical range query},
 booktitle = {Proceedings of the 2012 ACM Conference on Ubiquitous Computing},
 series = {UbiComp '12},
 year = {2012},
 isbn = {978-1-4503-1224-0},
 location = {Pittsburgh, Pennsylvania},
 pages = {623--624},
 numpages = {2},
 url = {http://doi.acm.org/10.1145/2370216.2370335},
 doi = {10.1145/2370216.2370335},
 acmid = {2370335},
 publisher = {ACM},
 address = {New York, NY, USA},
 keywords = {P2P, bulk data, distributed hash table, range query, sudden population increase},
} 

@inproceedings{Dunkels:2004:CLF:1032658.1034117,
 author = {Dunkels, Adam and Gronvall, Bjorn and Voigt, Thiemo},
 title = {Contiki - A Lightweight and Flexible Operating System for Tiny Networked Sensors},
 booktitle = {Proceedings of the 29th Annual IEEE International Conference on Local Computer Networks},
 series = {LCN '04},
 year = {2004},
 isbn = {0-7695-2260-2},
 pages = {455--462},
 numpages = {8},
 url = {http://dx.doi.org/10.1109/LCN.2004.38},
 doi = {10.1109/LCN.2004.38},
 acmid = {1034117},
 publisher = {IEEE Computer Society},
 address = {Washington, DC, USA},
} 

@inproceedings{Dunkels:2006:PSE:1182807.1182811,
 author = {Dunkels, Adam and Schmidt, Oliver and Voigt, Thiemo and Ali, Muneeb},
 title = {Protothreads: Simplifying Event-driven Programming of Memory-constrained Embedded Systems},
 booktitle = {Proceedings of the 4th International Conference on Embedded Networked Sensor Systems},
 series = {SenSys '06},
 year = {2006},
 isbn = {1-59593-343-3},
 location = {Boulder, Colorado, USA},
 pages = {29--42},
 numpages = {14},
 url = {http://doi.acm.org/10.1145/1182807.1182811},
 doi = {10.1145/1182807.1182811},
 acmid = {1182811},
 publisher = {ACM},
 address = {New York, NY, USA},
 keywords = {embedded systems, threads, wireless sensor networks},
} 

@article{Hill:2000:SAD:356989.356998,
 author = {Hill, Jason and Szewczyk, Robert and Woo, Alec and Hollar, Seth and Culler, David and Pister, Kristofer},
 title = {System Architecture Directions for Networked Sensors},
 journal = {SIGPLAN Not.},
 issue_date = {Nov. 2000},
 volume = {35},
 number = {11},
 month = nov,
 year = {2000},
 issn = {0362-1340},
 pages = {93--104},
 numpages = {12},
 url = {http://doi.acm.org/10.1145/356989.356998},
 doi = {10.1145/356989.356998},
 acmid = {356998},
 publisher = {ACM},
 address = {New York, NY, USA},
} 

@INPROCEEDINGS{Levis04tinyos:an,
    author = {Philip Levis and Sam Madden and Joseph Polastre and Robert Szewczyk and Alec Woo and David Gay and Jason Hill and Matt Welsh and Eric Brewer and David Culler},
    title = {TinyOS: An operating system for sensor networks},
    booktitle = {in Ambient Intelligence},
    year = {2004},
    publisher = {Springer Verlag}
}

@inproceedings{Eswaran:2005:NER:1106608.1106672,
 author = {Eswaran, Anand and Rowe, Anthony and Rajkumar, Raj},
 title = {Nano-RK: An Energy-Aware Resource-Centric RTOS for Sensor Networks},
 booktitle = {Proceedings of the 26th IEEE International Real-Time Systems Symposium},
 series = {RTSS '05},
 year = {2005},
 isbn = {0-7695-2490-7},
 pages = {256--265},
 numpages = {10},
 url = {http://dx.doi.org/10.1109/RTSS.2005.30},
 doi = {10.1109/RTSS.2005.30},
 acmid = {1106672},
 publisher = {IEEE Computer Society},
 address = {Washington, DC, USA},
} 

@article{Bhatti:2005:MOE:1160162.1160178,
 author = {Bhatti, Shah and Carlson, James and Dai, Hui and Deng, Jing and Rose, Jeff and Sheth, Anmol and Shucker, Brian and Gruenwald, Charles and Torgerson, Adam and Han, Richard},
 title = {MANTIS OS: An Embedded Multithreaded Operating System for Wireless Micro Sensor Platforms},
 journal = {Mob. Netw. Appl.},
 issue_date = {August 2005},
 volume = {10},
 number = {4},
 month = aug,
 year = {2005},
 issn = {1383-469X},
 pages = {563--579},
 numpages = {17},
 url = {http://dl.acm.org/citation.cfm?id=1160162.1160178},
 acmid = {1160178},
 publisher = {Springer-Verlag New York, Inc.},
 address = {Secaucus, NJ, USA},
 keywords = {cross-platform, dynamic reprogramming, embedded operating system, lightweight, low power, multithreaded, sensor networks},
} 

@inproceedings{Gay:2003:NLH:781131.781133,
 author = {Gay, David and Levis, Philip and von Behren, Robert and Welsh, Matt and Brewer, Eric and Culler, David},
 title = {The nesC Language: A Holistic Approach to Networked Embedded Systems},
 booktitle = {Proceedings of the ACM SIGPLAN 2003 Conference on Programming Language Design and Implementation},
 series = {PLDI '03},
 year = {2003},
 isbn = {1-58113-662-5},
 location = {San Diego, California, USA},
 pages = {1--11},
 numpages = {11},
 url = {http://doi.acm.org/10.1145/781131.781133},
 doi = {10.1145/781131.781133},
 acmid = {781133},
 publisher = {ACM},
 address = {New York, NY, USA},
 keywords = {C, TinyOS, components, concurrency, data races, first-order, modules, nesC, programming languages},
} 

@INPROCEEDINGS{Trumpler06asystematic,
    author = {Eric Trumpler and Richard Han},
    title = {A Systematic Framework for Evolving TinyOS},
    booktitle = {In proc. 3 rd Workshop on Embedded Networked Sensors},
    year = {2006},
    pages = {61--65}
}

@inproceedings{Eriksson:2009:CIT:1537614.1537650,
 author = {Eriksson, Joakim and \"{O}sterlind, Fredrik and Finne, Niclas and Tsiftes, Nicolas and Dunkels, Adam and Voigt, Thiemo and Sauter, Robert and Marr\'{o}n, Pedro Jos{\'e}},
 title = {COOJA/MSPSim: Interoperability Testing for Wireless Sensor Networks},
 booktitle = {Proceedings of the 2Nd International Conference on Simulation Tools and Techniques},
 series = {Simutools '09},
 year = {2009},
 isbn = {978-963-9799-45-5},
 location = {Rome, Italy},
 pages = {27:1--27:7},
 articleno = {27},
 numpages = {7},
 url = {http://dx.doi.org/10.4108/ICST.SIMUTOOLS2009.5637},
 doi = {10.4108/ICST.SIMUTOOLS2009.5637},
 acmid = {1537650},
 publisher = {ICST (Institute for Computer Sciences, Social-Informatics and Telecommunications Engineering)},
 address = {ICST, Brussels, Belgium, Belgium},
 keywords = {interoperability, simulation, wireless sensor networks},
} 

@article{Hill:2002:MWP:623308.624560,
 author = {Hill, Jason L. and Culler, David E.},
 title = {Mica: A Wireless Platform for Deeply Embedded Networks},
 journal = {IEEE Micro},
 issue_date = {November 2002},
 volume = {22},
 number = {6},
 month = nov,
 year = {2002},
 issn = {0272-1732},
 pages = {12--24},
 numpages = {13},
 url = {http://dx.doi.org/10.1109/MM.2002.1134340},
 doi = {10.1109/MM.2002.1134340},
 acmid = {624560},
 publisher = {IEEE Computer Society Press},
 address = {Los Alamitos, CA, USA},
}

@inproceedings{Polastre:2005:TEU:1147685.1147744,
 author = {Polastre, Joseph and Szewczyk, Robert and Culler, David},
 title = {Telos: Enabling Ultra-low Power Wireless Research},
 booktitle = {Proceedings of the 4th International Symposium on Information Processing in Sensor Networks},
 series = {IPSN '05},
 year = {2005},
 isbn = {0-7803-9202-7},
 location = {Los Angeles, California},
 articleno = {48},
 url = {http://dl.acm.org/citation.cfm?id=1147685.1147744},
 acmid = {1147744},
 publisher = {IEEE Press},
 address = {Piscataway, NJ, USA},
}

@inproceedings{Nachman:2005:IMP:1147685.1147760,
 author = {Nachman, Lama and Kling, Ralph and Adler, Robert and Huang, Jonathan and Hummel, Vincent},
 title = {The Intel\textregistered; Mote Platform: A Bluetooth-based Sensor Network for Industrial Monitoring},
 booktitle = {Proceedings of the 4th International Symposium on Information Processing in Sensor Networks},
 series = {IPSN '05},
 year = {2005},
 isbn = {0-7803-9202-7},
 location = {Los Angeles, California},
 articleno = {61},
 url = {http://dl.acm.org/citation.cfm?id=1147685.1147760},
 acmid = {1147760},
 publisher = {IEEE Press},
 address = {Piscataway, NJ, USA},
 keywords = {Bluetooth motes, Intel mote, condition based monitoring, wireless sensor networks},
} 

@inproceedings{Han:2005:DOS:1067170.1067188,
 author = {Han, Chih-Chieh and Kumar, Ram and Shea, Roy and Kohler, Eddie and Srivastava, Mani},
 title = {A Dynamic Operating System for Sensor Nodes},
 booktitle = {Proceedings of the 3rd International Conference on Mobile Systems, Applications, and Services},
 series = {MobiSys '05},
 year = {2005},
 isbn = {1-931971-31-5},
 location = {Seattle, Washington},
 pages = {163--176},
 numpages = {14},
 url = {http://doi.acm.org/10.1145/1067170.1067188},
 doi = {10.1145/1067170.1067188},
 acmid = {1067188},
 publisher = {ACM},
 address = {New York, NY, USA},
} 

@inproceedings{Rowe:2008:RSS:1475690.1475895,
 author = {Rowe, Anthony and Lakshmanan, Karthik and Zhu, Haifeng and Rajkumar, Ragunathan},
 title = {Rate-Harmonized Scheduling for Saving Energy},
 booktitle = {Proceedings of the 2008 Real-Time Systems Symposium},
 series = {RTSS '08},
 year = {2008},
 isbn = {978-0-7695-3477-0},
 pages = {113--122},
 numpages = {10},
 url = {http://dx.doi.org/10.1109/RTSS.2008.50},
 doi = {10.1109/RTSS.2008.50},
 acmid = {1475895},
 publisher = {IEEE Computer Society},
 address = {Washington, DC, USA},
 keywords = {Real-time scheduling, Wireless Sensor Networks, Energy Saving},
} 

@MISC{Rowe_firefly:a,
    author = {Anthony Rowe and Rahul Mangharam and Raj Rajkumar},
    title = {FireFly: A Time Synchronized Real-Time Sensor Networking Platform},
    year = {}
}


@inproceedings{Kahn:1999:NCC:313451.313558,
 author = {Kahn, J. M. and Katz, R. H. and Pister, K. S. J.},
 title = {Next Century Challenges: Mobile Networking for \&Ldquo;Smart Dust\&Rdquo;},
 booktitle = {Proceedings of the 5th Annual ACM/IEEE International Conference on Mobile Computing and Networking},
 series = {MobiCom '99},
 year = {1999},
 isbn = {1-58113-142-9},
 location = {Seattle, Washington, USA},
 pages = {271--278},
 numpages = {8},
 url = {http://doi.acm.org/10.1145/313451.313558},
 doi = {10.1145/313451.313558},
 acmid = {313558},
 publisher = {ACM},
 address = {New York, NY, USA},
} 



